@ARTICLE{Crook,
	AUTHOR = "J.F. Crook",
	TITLE = "A Methodology for Implementing Highly Concurrent",
	JOURNAL = {AMS},
	VOLUME = {56},
	NUMBER = {4},
	PAGES = {460-468},
	MONTH = "",
	YEAR = {}
    }
    
@online{YasSS,
  author = {Moritz Lenz},
  title = {{YasSS}},
  note = {{http://moritz.faui2k3.org/en/projects}}
}

@THESIS{Yato,
	AUTHOR="Takayuki Yato",
    TITLE="Complexity And Completeness Of Finding Another Solution and Its Application to Puzzles",
    SCHOOL="The University of Tokyo",
    YEAR="2003"
    }
    
